@Inbook{Lodge2007,
author="Lodge, Carol",
editor="Aykin, Nuray",
title="The Impact of Culture on Usability: Designing Usable Products for the International User",
bookTitle="Usability and Internationalization. HCI and Culture: Second International Conference on Usability and Internationalization, UI-HCII 2007, Held as Part of HCI International 2007, Beijing, China, July 22-27, 2007, Proceedings, Part I",
year="2007",
publisher="Springer Berlin Heidelberg",
address="Berlin, Heidelberg",
pages="365--368",
abstract="The purpose of this paper is to examine the impact of culture on the usability and design of global applications. Specifically, this paper will serve to address the theoretical implications of Hofstede's cultural dimensions and the impact of these cultural models on designing usable global products. The paper concludes with a discussion regarding best practices for designing international products.",
isbn="978-3-540-73287-7",
doi="10.1007/978-3-540-73287-7_44",
url="https://doi.org/10.1007/978-3-540-73287-7_44"
}

