@book{Garrett:2010:EUE:1965524,
 author = {Garrett, Jesse James},
 title = {The Elements of User Experience: User-Centered Design for the Web and Beyond},
 year = {2010},
 isbn = {9780321683687},
 edition = {2nd},
 publisher = {New Riders Publishing},
 address = {Thousand Oaks, CA, USA},
}