@article{CYR20101,
title = "Colour appeal in website design within and across cultures: A multi-method evaluation",
journal = "International Journal of Human-Computer Studies",
volume = "68",
number = "1",
pages = "1 - 21",
year = "2010",
issn = "1071-5819",
doi = "https://doi.org/10.1016/j.ijhcs.2009.08.005",
url = "http://www.sciencedirect.com/science/article/pii/S1071581909001116",
author = "Dianne Cyr and Milena Head and Hector Larios",
keywords = "Colour appeal, Culture, Website design, Multi-methodology, Eye-tracking"
}