@article{NISBETT2005467,
title = "The influence of culture: holistic versus analytic perception",
journal = "Trends in Cognitive Sciences",
volume = "9",
number = "10",
pages = "467 - 473",
year = "2005",
issn = "1364-6613",
doi = "https://doi.org/10.1016/j.tics.2005.08.004",
url = "http://www.sciencedirect.com/science/article/pii/S1364661305002305",
author = "Richard E. Nisbett and Yuri Miyamoto"
}