@book{Elements,
 author = "Garrett, Jesse James",
 title = "The Elements of User Experience: User-Centered Design for the Web and Beyond",
 year = "2010",
 isbn = "9780321683687",
 edition = "2nd",
 publisher = "New Riders Publishing",
 address = "Thousand Oaks, CA, USA",
}
@article{Holistic_vs_Analytic,
title = "The influence of culture: holistic versus analytic perception",
journal = "Trends in Cognitive Sciences",
volume = "9",
number = "10",
pages = "467 - 473",
year = "2005",
issn = "1364-6613",
doi = "https://doi.org/10.1016/j.tics.2005.08.004",
url = "http://www.sciencedirect.com/science/article/pii/S1364661305002305",
author = "Richard E. Nisbett and Yuri Miyamoto"
}
@Inbook{Lodge2007,
author="Lodge, Carol",
editor="Aykin, Nuray",
title="The Impact of Culture on Usability: Designing Usable Products for the International User",
bookTitle="Usability and Internationalization. HCI and Culture: Second International Conference on Usability and Internationalization, UI-HCII 2007, Held as Part of HCI International 2007, Beijing, China, July 22-27, 2007, Proceedings, Part I",
year="2007",
publisher="Springer Berlin Heidelberg",
address="Berlin, Heidelberg",
pages="365--368",
abstract="The purpose of this paper is to examine the impact of culture on the usability and design of global applications. Specifically, this paper will serve to address the theoretical implications of Hofstede's cultural dimensions and the impact of these cultural models on designing usable global products. The paper concludes with a discussion regarding best practices for designing international products.",
isbn="978-3-540-73287-7",
doi="10.1007/978-3-540-73287-7_44",
url="https://doi.org/10.1007/978-3-540-73287-7_44"
}


@article{Color,
title = "Colour appeal in website design within and across cultures: A multi-method evaluation",
journal = "International Journal of Human-Computer Studies",
volume = "68",
number = "1",
pages = "1 - 21",
year = "2010",
issn = "1071-5819",
doi = "https://doi.org/10.1016/j.ijhcs.2009.08.005",
url = "http://www.sciencedirect.com/science/article/pii/S1071581909001116",
author = "Dianne Cyr and Milena Head and Hector Larios",
keywords = "Colour appeal, Culture, Website design, Multi-methodology, Eye-tracking"
}
@book{Norman,
	author = "Norman, Donald A.",
	title = "The Design of Everyday Things",
	year = "2002",
	isbn = "9780465067107",
	publisher = "Basic Books, Inc.",
	address = "New York, NY, USA",
} 
@article{Web_design_pref,
	title = "Beyond Trust: Web Site Design Preferences Across Cultures",
	journal = "Journal of Global Information Management (JGIM)",
	year = "2005",
	author = "Cyr, Dianne, Carole Bonanni, John Bowes and Joe Ilsever",
	
}

