






@article{doi:10.2753/MIS0742-1222240402,
author = { Dianne   Cyr },
title = {Modeling Web Site Design Across Cultures: Relationships to Trust, Satisfaction, and E-Loyalty},
journal = {Journal of Management Information Systems},
volume = {24},
number = {4},
pages = {47-72},
year  = {2008},
publisher = {Routledge},
doi = {10.2753/MIS0742-1222240402},

URL = { 
        http://www.tandfonline.com/doi/abs/10.2753/MIS0742-1222240402
    
},
eprint = { 
        http://www.tandfonline.com/doi/pdf/10.2753/MIS0742-1222240402
    
}

}


