@book{Elements,
 author = {Garrett, Jesse James},
 title = {The Elements of User Experience: User-Centered Design for the Web and Beyond},
 year = {2010},
 isbn = {9780321683687},
 edition = {2nd},
 publisher = {New Riders Publishing},
 address = {Thousand Oaks, CA, USA},
}
@article{Holistic_vs_Analytic,
title = {The influence of culture: holistic versus analytic perception},
journal = {Trends in Cognitive Sciences},
volume = {9},
number = {10},
pages = {467 - 473},
year = {2005},
issn = {1364-6613},
doi = {https://doi.org/10.1016/j.tics.2005.08.004},
url = {http://www.sciencedirect.com/science/article/pii/S1364661305002305},
author = {Richard E. Nisbett and Yuri Miyamoto}
}
@Inbook{Lodge2007,
author={Lodge, Carol},
editor={Aykin, Nuray},
title={The Impact of Culture on Usability: Designing Usable Products for the International User},
bookTitle={Usability and Internationalization. HCI and Culture: Second International Conference on Usability and Internationalization, UI-HCII 2007, Held as Part of HCI International 2007, Beijing, China, July 22-27, 2007, Proceedings, Part I},
year={2007},
publisher={Springer Berlin Heidelberg},
address={Berlin, Heidelberg},
pages={365--368},
abstract={The purpose of this paper is to examine the impact of culture on the usability and design of global applications. Specifically, this paper will serve to address the theoretical implications of Hofstede's cultural dimensions and the impact of these cultural models on designing usable global products. The paper concludes with a discussion regarding best practices for designing international products.},
isbn={978-3-540-73287-7},
doi={10.1007/978-3-540-73287-7_44},
url={https://doi.org/10.1007/978-3-540-73287-7_44}
}


@article{Color,
title ={Colour appeal in website design within and across cultures: A multi-method evaluation},
journal ={International Journal of Human-Computer Studies},
volume ={68},
number ={1},
pages ={1 - 21},
year ={2010},
issn ={1071-5819},
doi ={https://doi.org/10.1016/j.ijhcs.2009.08.005},
url ={http://www.sciencedirect.com/science/article/pii/S1071581909001116},
author ={Dianne Cyr and Milena Head and Hector Larios},
keywords ={Colour appeal, Culture, Website design, Multi-methodology, Eye-tracking}
}
@book{Norman,
	author ={Norman, Donald A.},
	title ={The Design of Everyday Things},
	year ={2002},
	isbn ={9780465067107},
	publisher ={Basic Books, Inc.},
	address ={New York, NY, USA},
} 
@article{Web_design_pref,
	title ={Beyond Trust: Web Site Design Preferences Across Cultures},
	journal ={Journal of Global Information Management (JGIM)},
	year ={2005},
	author ={Cyr, Dianne, Carole Bonanni, John Bowes and Joe Ilsever},
	
}
@book{tullis_albert_2011,
	 place={Amsterdam}, 
	 title={Measuring the user experience: collecting, analyzing, and presenting usability metrics}, 
	 publisher={Elsevier/Morgan Kaufmann},
	  author={Tullis, Tom and Albert, Bill},
	   year={2011}
   }
@book{rubin_chisnell_2008,
	 place={Indianapolis,IN},
	   title={Handbook of usability testing: how to plan, design, and conduct effective tests},
	   publisher={Wiley Pub., Inc.},
	   author={Rubin, Jeffrey and Chisnell, Dana}, 
	   year={2008}
   }
@book{pernice2014people,
	title={How People Read on the Web: The Eyetracking Evidence},
	author={Pernice, Kara and Whitenton, Kathryn and Nielsen, Jakob},
	year={2014},
	publisher={Nielsen Norman Group}
}
@book{f-shape_today,
	title={F-Shaped Pattern of Reading on the Web: Misunderstood, But Still Relevant},
	author={Pernice, Kara},
	year={2017},
	publisher={Nielsen Norman Group}
}
@article{brooke1996sus,
	title={SUS-A quick and dirty usability scale},
	author={Brooke, John and others},
	journal={Usability evaluation in industry},
	volume={189},
	number={194},
	pages={4--7},
	year={1996},
	publisher={London, United kingdom}
}
@misc{ Chinese_Websites_Complex,
	 title={Are Chinese Websites Too Complex?},
	 url={https://www.nngroup.com/articles/china-website-complexity/},
	 journal={Nielsen Norman Group},
	 publisher={Nielsen Norman Group},
	 author={ CHENG, YUNNUO and NIELSEN, JAKOB}
 }
 
 @misc{Testing_5, 
 	 title={Why You Only Need to Test with 5 Users},
 	 url={https://www.nngroup.com/articles/why-you-only-need-to-test-with-5-users/},
 	 journal={Nielsen Norman Group},
 	 publisher={Nielsen Norman Group},
 	 author={Nielsen, Jakob}
     }
 
 @misc{norman_metrics,
 	title={Usability Metrics},
 	url={https://www.nngroup.com/articles/usability-metrics/},
 	journal={Nielsen Norman Group},
 	publisher={Nielsen Norman Group},
 	author={Nielsen, Jakob}, 
}
@misc{top_sites_china,
title={Top sites ranking for all categories in China},
url={https://www.similarweb.com/top-websites/china},
date={26/01/2018},
journal={Top Websites in China - SimilarWeb Website Ranking}
}
@misc{top_sites_alexa, title={Top Sites in China The sites in the top sites lists are ordered by their 1 month Alexa traffic rank.}, url={https://www.alexa.com/topsites/countries/CN},
date={26/01/2018},
journal={Top Sites in China - Alexa}
}
@misc{qq_homepage, 
title={QQ},
url={http://www.qq.com/},
date={26/01/2018},
journal={QQ homepage}
}
@misc{bbc, title={BBC},
url={http://www.bbc.com/news}, 
journal={BBC News}, publisher={BBC}, date={26/01/2018},
}
@misc{AWS, title={Amazon Web Services (AWS) - Cloud Computing Services}, url={https://aws.amazon.com/}, journal={Amazon}, publisher={Amazon}}

@misc{AWSDoc, title={AWS Documentation}, url={https://aws.amazon.com/documentation/}, journal={Amazon}, publisher={Amazon}}

@misc{react, title={React, a javascript library for building user interfaces}, url={https://reactjs.org/}, journal={A JavaScript library for building user interfaces}}

@misc{redux, title={Redux}, url={https://redux.js.org/}, journal={Read Me - Redux}}

@misc{redux-saga, title={Redux-Saga}, url={https://redux-saga.js.org/}, journal={Read Me · Redux-Saga}}

@article{cross_web,
	title={A cross-cultural comparative study of users' perceptions of a webpage: With a focus on the cognitive styles of Chinese, Koreans and Americans},
	author={Dong, Ying and Lee, Kun-Pyo},
	journal={International Journal of Design},
	volume={2},
	number={2},
	year={2008},
	publisher={Chinese Institute of Design}
}
@article{GFC,
	title={Great firewall of China},
	author={Shen, Fei},
	journal={Encyclopedia of social media and politics},
	volume={22},
	pages={599--602},
	year={2014}
}
@article{ji2000,
	title={Culture, control, and perception of relationships in the environment.},
	author={Ji, Li-Jun and Peng, Kaiping and Nisbett, Richard E},
	journal={Journal of personality and social psychology},
	volume={78},
	number={5},
	pages={943},
	year={2000},
	publisher={American Psychological Association}
}
@article{monga,
	title={Cultural differences in brand extension evaluation: The influence of analytic versus holistic thinking},
	author={Monga, Alokparna Basu and John, Deborah Roedder},
	journal={Journal of Consumer Research},
	volume={33},
	number={4},
	pages={529--536},
	year={2006},
	publisher={The University of Chicago Press}
}
@article{miyamoto,
	title={Culture and the physical environment: Holistic versus analytic perceptual affordances},
	author={Miyamoto, Yuri and Nisbett, Richard E and Masuda, Takahiko},
	journal={Psychological Science},
	volume={17},
	number={2},
	pages={113--119},
	year={2006},
	publisher={SAGE Publications Sage CA: Los Angeles, CA}
}
@book{stats, place={Boston, MA},
	 title={Advances in mathematical and statistical modeling},
	  publisher={Birkhäuser},
	   author={Arnold, Barry C.},
	    year={2008}}